%% This BibTeX bibliography file was created using BibDesk.
%% http://bibdesk.sourceforge.net/


%% Created for Gerko Vink at 2012-06-13 16:14:19 +0200 


%% Saved with string encoding Unicode (UTF-8) 



@article{seaman2012multiple,
	Author = {Seaman, S.R. and Bartlett, J.W. and White, I.R.},
	Date-Added = {2012-06-13 07:36:13 +0000},
	Date-Modified = {2012-06-13 07:36:13 +0000},
	Journal = {BMC Medical Research Methodology},
	Number = {1},
	Pages = {46},
	Publisher = {BioMed Central Ltd},
	Title = {Multiple imputation of missing covariates with non-linear effects and interactions: an evaluation of statistical methods},
	Volume = {12},
	Year = {2012}}

@article{little1988missing,
	Author = {Little, R.J.A.},
	Date-Added = {2010-06-03 13:04:45 +0200},
	Date-Modified = {2010-06-03 13:27:26 +0200},
	Journal = {Journal of Business and Economic Statistics},
	Number = {3},
	Pages = {287--296},
	Publisher = {JSTOR},
	Title = {Missing-data adjustments in large surveys},
	Volume = {6},
	Year = {1988}}

@article{stef1999fcs,
	Author = {Van Buuren, S. and Boshuizen, H.C. and Knook, D.L.},
	Date-Added = {2010-03-30 11:10:11 +0200},
	Date-Modified = {2010-05-02 19:23:05 +0200},
	Journal = {Statistics in Medicine},
	Keywords = {fcs, Multiple, imputation, Fully, Conditional, Specification},
	Number = {6},
	Pages = {681--694},
	Title = {Multiple Imputation of Missing Blood Pressure Covariates in Survival Analysis},
	Volume = {18},
	Year = {1999}}

@article{vanbuuren2010,
	Author = {Van Buuren, S. and Groothuis-Oudshoorn, C.G.M.},
	Date-Added = {2010-03-12 13:15:27 +0100},
	Date-Modified = {2012-02-23 12:22:35 +0000},
	Journal = {Journal of Statistical Software},
	Keywords = {mice, imputation},
	Number = {3},
	Pages = {1-67},
	Title = {{MICE}: {M}ultivariate {I}mputation by {C}hained {E}quations in {R}},
	Volume = {45},
	Year = {2011}}

@article{royston2005,
	Author = {Royston, P.},
	Date-Added = {2010-03-12 13:09:46 +0100},
	Date-Modified = {2010-05-02 19:24:34 +0200},
	Journal = {Stata Journal},
	Keywords = {ice, passive},
	Pages = {527--536},
	Title = {Multiple Imputation of Missing Values: Update of Ice},
	Volume = {5},
	Year = {2005}}

@article{vonhippe2009,
	Author = {Von Hippel, P.T.},
	Date-Added = {2010-03-12 12:49:02 +0100},
	Date-Modified = {2010-05-02 19:03:39 +0200},
	Journal = {Sociological Methodology},
	Keywords = {imputation, squares, interactions multiple imputation},
	Number = {1},
	Pages = {265--291},
	Publisher = {Blackwell Publishing Inc},
	Title = {How to Impute Interactions, Squares, and Other Transformed Variables},
	Volume = {39},
	Year = {2009}}

@book{RubinD1987,
	Address = {New York},
	Author = {Rubin, D.B.},
	Date-Added = {2010-02-25 12:13:03 +0100},
	Date-Modified = {2010-05-02 19:43:12 +0200},
	Keywords = {Multiple, imputation, MI, rubin},
	Publisher = {John Wiley and Sons},
	Title = {Multiple Imputation for Nonresponse in Surveys},
	Year = {1987}}
