@article{boulesteix,
  author    = {Boulesteix, Anne-Laure and Groenwold, Rolf H. H. and Abrahamowicz, Michal and others},
  title     = {Introduction to statistical simulations in health research},
  journal   = {BMJ Open},
  year      = {2020},
  volume    = {10},
  pages     = {e039921},
  doi       = {10.1136/bmjopen-2020-039921},
  url       = {https://bmjopen.bmj.com/content/10/5/e039921}
}